Automatically generated by Mendeley Desktop 1.17.13
Any changes to this file will be lost if it is regenerated by Mendeley.

BibTeX export options can be customized via Options -> BibTeX in Mendeley Desktop

@article{UINJAKARTARoikhan2017,
    abstract = {Tujuan dari penelitian ini adalah untuk menganalisis efisiensi Pegadaian Syariah beserta 4 kompetitornya dan menganalisis prospek pertumbuhan aset Pegadaian Syariah di Indonesia.Penelitian ini bersifat kuantitatif yaitu penelitian yang menganalisis data sekunder laporan keuangan tahunan Pegadaian Syariah dan 4 kompetitornya selama tahun 2008-2014.Teknik pengambilan sampel dengan purposive sampling dari sampel Pegadaian Syariah dan 4 kompetitornya di Indonesia. Analisis efisiensi menggunakan metode Data Envelopment Analysis. Variabel input yaitu beban bonus titipan wadiah, beban administrasi dan umum, beban gaji dan tunjangan, dan beban lainnya, serta variabel output yaitu pendapatan margin murabahah, pendapatan jasa lainnya, dan pinjaman qardh.Kemudian menganalisis prospek menggunakan metode System Dynamics. Hasil penelitian menunjukkan bahwa efisiensiPegadaian Syariah mencapai nilai 100 persen untuk tahun 2008-2014 dibandingkan kompetitor yang hanya 97,42 persen. Serta prospek aset Pegadaian Syariah secara optimis tahun 2025 mampu mencapai Rp 116 Triliun dengan adanya aksi anorganik. AbstractThe purpose of this study is to analyze the efficiency of Islamic Pawnshop together with four competitors and analyze the prospects for assets growth of the Islamic pawnshop in Indonesia. This study is quantitative analyze research with secondary data of annual financial statements from the Islamic Pawnshop and four competitors during 2008-2014. The sampling technique is the purposive sampling with sample of the Islamic Pawnshop and four competitors in Indonesia. This study uses analysis efficiency of the Data Envelopment Analysis method. Input variables are: the load bonus, deposit wadiah, general and administrative expenses, salaries and allowances, and other expenses, and the output variables are: murabaha margin revenue, other services revenues, and loan qardh. Then this study uses analyze prospects based on System Dynamics methods. The results showed efficiency of Islamic Pawnshop can reach value of 100 percent for 2008-2014 compared to its competitors that reach only 97.42 percent. And the prospect of an asset for Islamic Pawnshop can get optimistically in 2025 to reach Rp 116 trillion in the presence of inorganic action.},
    author = {UIN JAKARTA Roikhan},
    journal = {Al-Uqud Journal of Islamic Economics},
    keywords = {asset,islamic banking,islamic pawnshop,market share},
    number = {95},
    pages = {59--82},
    title = {EFISIENSI PEGADAIAN SYARIAH DAN PROSPEK PERTUMBUHAN ASET DI INDONESIA Roikhan},
    volume = {1},
    year = {2017}
}
@book{sahroni2018fikih,
  title={{Fikih Zakat Kontemporer}},
  author={Sahroni, Oni and Setiawan, Agus and Setiawan, Adi and Suharsono, Mohammmad},
  year={2018},
  publisher={Rajawali Pers},
  address={Depok}
}
